@inproceedings{maui,
	author = {Eduardo Cuervo and Aruna Balasubramanian and Dae-ki Cho and Alec Wolman and Stefan Saroiu and Ranveer Ch and Paramvir Bahl},
	booktitle = {In proceeding of International Conference on Mobile Systems, Applications and Services(MobiSys)},
	pages = {49-62},
	publisher = {ACM},
	title = {MAUI: making smartphones last longer with code offload.},
	year = {2010}
}

@inproceedings{powertutor,
	author = {Lide Zhang and Birjodh Tiwana and Zhiyun Qian and Zhaoguang Wang and Robert P. Dick and Zhuoqing Morley Mao and Lei Yang},
	booktitle = {In proceeding of International Conference on Hardware/Software Codesign and System Synthesis(CODES+ISSS)},
	pages = {105-114},
	publisher = {ACM},
	title = {Accurate online power estimation and automatic battery behavior based power model generation for smartphones.},
	year = {2010}
}

@inproceedings{cuckoo,
	author = {Roelof Kemp and Nicholas Palmer and Thilo Kielmann and Henri E. Bal},
	booktitle = {In proceeding of International Conference on Mobile Computing, Applications and Services(MobiCASE)},
	pages = {59-79},
	publisher = {Springer},
	title = {Cuckoo: A Computation Offloading Framework for Smartphones.},
	volume = {76},
	year = {2010}
}

@inproceedings{rcuda,
  	author = {Jos{\'e} Duato and
               Antonio J. Pe{\~n}a and
               Federico Silla and
               Rafael Mayo and
               Enrique S. Quintana-Ort\'{\i}},
  	title = {rCUDA: Reducing the number of GPU-based accelerators in
               high performance clusters.},
  	booktitle = {In proceeding of International Conference on High Performance Computing and Simulation(HPCS)},
  	year = {2010},
  	pages = {224-231},
}

@inproceedings{vocl,
	author = {Shucai Xiao and
               Pavan Balaji and
               James Dinan and
               Qian Zhu and
               Rajeev Thakur and
               Susan Coghlan and
               Heshan Lin and
               Gaojin Wen and
               Jue Hong and
               Wu-chun Feng},
  	title = {Transparent accelerator migration in a virtualized GPU environment.},
  	booktitle = {In proceeding of IEEE/ACM International Symposium on Cluster, Cloud and Grid Computing(CCGRID)},
  	publisher = {IEEE/ACM},
  	year = {2012},
	pages = {124-131}
}

@MISC{amd,
	title = {Accelerated Parallel Processing(APP) SDK with OpenCL 1.2 support.},
	url = {http://developer.amd.com/tools/heterogeneous-computing/amd-accelerated-parallel-processing-app-sdk/}
}

@MISC{nvidia,
	title = {NVIDIA OpenCL SDK Code Samples.},
	url = {http://developer.nvidia.com/opencl}
}

@inproceedings{spectra,
    author = {Jason Flinn and Soyoung Park and M. Satyanarayanan},
    title = {Balancing Performance, Energy, and Quality in Pervasive Computing.},
    booktitle = {In proceeding of International Conference on Distributed Computing Systems(ICDCS)},
    year = {2002},
    pages = {217--226}
}

@inproceedings{clonecloud,
  	author    = {Byung Gon Chun and
               Sunghwan Ihm and
               Petros Maniatis and
               Mayur Naik and
               Ashwin Patti},
  	title     = {CloneCloud: elastic execution between mobile device and
               cloud.},
  	booktitle = {In proceeding of the European Conference on Computer Systems(EuroSys)},
  	year      = {2011},
  	pages     = {301-314},
}

@article{socialvpn,
  author 	= {Pierre St Juste and 
               David Wolinsky and 
               Patrick Oscar Boykin and 
               Michael Covington and 
               Renato Figueiredo},
  journal 	= {Computer Networks},
  number 	= {12},
  pages 	= {1926-1938},
  title 	= {SocialVPN: Enabling wide-area collaboration with integrated social and overlay networks.},
  volume 	= {54},
  year 		= {2010}
}

@article{hung,
	author	= {Shih Hao Hung and
			   Chi Sheng Shih and
			   Jeng Peng Shieh and
		       Chen Pang Lee and
               Yi Hsiang Huang},
	journal	= {Computers and Mathematics with Applications},
	number 	= {2}, 
	pages 	= {573-587},
	title	= {Executing mobile applications on the cloud: Framework and issues.},
	volume	= {63},
	year	= {2012}
}

@inproceedings{comet,
  author    = {Mark S. Gordon and
			   D. Anoushe Jamshidi and
			   Scott Mahlke and
			   Z. Morley Mao and
			   Xu Chen},
  title     = {COMET: code offload by migrating execution transparently},
  booktitle = {In proceeding of of 10th USENIX conference on Operating Systems Design and Implementation(OSDI)},
  publisher = {ACM},
  year      = {2012},
  pages     = {93-106},
}

@inproceedings{mmr,
  author = {Mohammed Anowarul Hassan and 
            Songqing Chen},
  booktitle = {In proceeding of International Conference on Mobile Computing, Applications and Services(MobiCASE)},

  pages = {41-59},
  publisher = {Springer},
  title = {Mobile MapReduce: Minimizing Response Time of Computing Intensive Mobile Applications.},
  volume = {95},
  year = {2011}
}

@inproceedings{sonora,
  author = {Fan Yang and
			Zhengping Qian and
			Xiuwei Chen and
			Ivan Beschastnikh and
			Li Zhuang and
			Lidong Zhou and
			Guobin Shen},
  booktitle = {In Technical Report, Microsoft Research Asia},
  title = {Sonora: A Platform for Continuous Mobile-Cloud Computing.},
  year = {2012}
}

@inproceedings{serendipity,
  author = {Shi, Cong and Lakafosis, Vasileios and Ammar, Mostafa H. and Zegura, Ellen W.},
  booktitle = {In proceeding of ACM International Symposium on Mobile Ad Hoc Networking and Computing(MobiHoc)},
  pages = {145-154},
  publisher = {ACM},
  title = {Serendipity: enabling remote computing among intermittently connected mobile devices.},
  year = {2012}
}

@inproceedings{xiao,
  author = {Shucai Xiao and
			Pavan Balaji and
			James Dinan and
			Qian Zhu and
			Rajeev Thakur and
			Susan Coghlan and
			Heshan Lin and
			Gaojin Wen and
			Jue Hong and 
			Wu-chun Feng},
  booktitle = {In proceeding of IEEE/ACM International Symposium on Cluster, cloud and Grid Computing(CCGrid)},
  pages = {124-131},
  title = {Transparent accelerator migration in a virtualized gpu environment.},
  year = {2012}
}

@misc{opencv,
  author= {},
  title = {OpenCL Module Introduction in OpenCV},
  howpublished = {http://docs.opencv.org/modules/ocl/doc/introduction.html},
}

@misc{hsa,
  author= {},
  title = {Heterogeneous System Architecture Foundation},
  howpublished = {http://hsafoundation.com},
}

	
